<collection xmlns="http://www.loc.gov/MARC21/slim">
   <record>
      <leader>03481cam a2200445 i 4500</leader>
      <controlfield tag="001">6756475</controlfield>
      <controlfield tag="003">OCoLC</controlfield>
      <controlfield tag="005">20141119084742.0</controlfield>
      <controlfield tag="008">140714s2015    enk           000 0 eng  </controlfield>
      <datafield ind1=" " ind2=" " tag="010">
         <subfield code="a">  2014012840</subfield>
      </datafield>
      <datafield ind1=" " ind2=" " tag="020">
         <subfield code="a">9781138774599 (Hardback)</subfield>
      </datafield>
      <datafield ind1=" " ind2=" " tag="020">
         <subfield code="a">1138774596 (Hardback)</subfield>
      </datafield>
      <datafield ind1=" " ind2=" " tag="020">
         <subfield code="a">9781138774605 (Paperback)</subfield>
      </datafield>
      <datafield ind1=" " ind2=" " tag="020">
         <subfield code="z">9781315753836 (e-book)</subfield>
      </datafield>
      <datafield ind1=" " ind2=" " tag="035">
         <subfield code="a">ocn887450636</subfield>
      </datafield>
      <datafield ind1=" " ind2=" " tag="040">
         <subfield code="a">DLC</subfield>
         <subfield code="e">rda</subfield>
         <subfield code="b">eng</subfield>
         <subfield code="c">DLC</subfield>
         <subfield code="d">YDX</subfield>
         <subfield code="d">YDXCP</subfield>
         <subfield code="d">OCLCO</subfield>
         <subfield code="d">UAB</subfield>
      </datafield>
      <datafield ind1=" " ind2=" " tag="042">
         <subfield code="a">pcc</subfield>
      </datafield>
      <datafield ind1="0" ind2="0" tag="050">
         <subfield code="a">LC4708</subfield>
         <subfield code="b">.R39 2015</subfield>
      </datafield>
      <datafield ind1="0" ind2="0" tag="082">
         <subfield code="a">371.9</subfield>
         <subfield code="2">23</subfield>
      </datafield>
      <datafield ind1=" " ind2=" " tag="090">
         <subfield code="a">LC 4708 R39 2015</subfield>
         <subfield code="b">AEU</subfield>
      </datafield>
      <datafield ind1="1" ind2=" " tag="100">
         <subfield code="a">Raymond, Sally,</subfield>
         <subfield code="e">author.</subfield>
         <subfield code="0">http://id.loc.gov/authorities/names/nb97032023</subfield>
         <subfield code="0">http://viaf.org/viaf/14258974</subfield>
      </datafield>
      <datafield ind1="1" ind2="0" tag="240">
         <subfield code="a">Dragonfly Games</subfield>
      </datafield>
      <datafield ind1="1" ind2="0" tag="245">
         <subfield code="a">Extending support for key stage 2 and 3 dyslexic pupils, their teachers and support staff :</subfield>
         <subfield code="b">the Dragonfly Games /</subfield>
         <subfield code="c">Sally Raymond.</subfield>
      </datafield>
      <datafield ind1=" " ind2=" " tag="250">
         <subfield code="a">Second edition.</subfield>
      </datafield>
      <datafield ind1=" " ind2="1" tag="264">
         <subfield code="a">Abingdon, Oxon ;</subfield>
         <subfield code="a">New York :</subfield>
         <subfield code="b">Routledge, Taylor &amp; Francis Group,</subfield>
         <subfield code="c">2015.</subfield>
      </datafield>
      <datafield ind1=" " ind2=" " tag="300">
         <subfield code="a">76 pages ;</subfield>
         <subfield code="c">30 cm</subfield>
      </datafield>
      <datafield ind1=" " ind2=" " tag="336">
         <subfield code="a">text</subfield>
         <subfield code="b">txt</subfield>
         <subfield code="2">rdacontent</subfield>
         <subfield code="0">http://id.loc.gov/vocabulary/contentTypes/txt</subfield>
      </datafield>
      <datafield ind1=" " ind2=" " tag="337">
         <subfield code="a">unmediated</subfield>
         <subfield code="b">n</subfield>
         <subfield code="2">rdamedia</subfield>
         <subfield code="0">http://id.loc.gov/vocabulary/mediaTypes/n</subfield>
      </datafield>
      <datafield ind1=" " ind2=" " tag="338">
         <subfield code="a">volume</subfield>
         <subfield code="b">nc</subfield>
         <subfield code="2">rdacarrier</subfield>
         <subfield code="0">http://id.loc.gov/vocabulary/carriers/nc</subfield>
      </datafield>
      <datafield ind1=" " ind2=" " tag="500">
         <subfield code="a">"Previous edition published 2003"--T.p. verso.</subfield>
      </datafield>
      <datafield ind1=" " ind2=" " tag="520">
         <subfield code="a">""This isn't learning: this is fun!" (dyslexic pupil) "Fantastic ideas that engage learners in their learning. Thank you!" (Teaching Assistant) "I like finding tactics which help me win!" (dyslexic pupil) "My son is now asking to play spelling games!" (parent) "I like playing homework games with my dad." (dyslexic pupil) "Its easy to adapt a game to suit different topics." (Teacher) "Things aren't so difficult now I know how to make hard things fun." (dyslexic pupil) Dragonfly Games is designed for use with small groups of dyslexic pupils. These practical and varied resources can be used inside and outside of the classroom to encourage over-learning and revision of curriculum topics. Stimulating and fun to do, the games help pupils: overcome specific barriers to learning through the use of experience, over-learning and discovery; master skills beyond those of literacy and numeracy development, including thinking skills, tactical strategies, sequential application and gamesmanship; devise their own games, developing their ability to use varied methods of application. Useful for overcoming learning weaknesses within their own specific profile. Fully updated in its second edition, this book builds on the success of the author's Dragonfly Worksheets, as featured in her previous book Supporting Dyslexia Pupils Across the Curriculum and can be used independently or in conjunction with it"--</subfield>
         <subfield code="c">Provided by publisher.</subfield>
      </datafield>
      <datafield ind1=" " ind2=" " tag="596">
         <subfield code="a">41</subfield>
      </datafield>
      <datafield ind1=" " ind2="0" tag="650">
         <subfield code="a">Dyslexic children</subfield>
         <subfield code="x">Education.</subfield>
         <subfield code="0">http://id.loc.gov/authorities/subjects/sh2008102480</subfield>
      </datafield>
      <datafield ind1=" " ind2="0" tag="650">
         <subfield code="a">Spelling disability.</subfield>
         <subfield code="0">http://id.loc.gov/authorities/subjects/sh85126516</subfield>
      </datafield>
      <datafield ind1=" " ind2="0" tag="650">
         <subfield code="a">Spelling games.</subfield>
         <subfield code="0">http://id.loc.gov/authorities/subjects/sh85126518</subfield>
      </datafield>
      <datafield ind1=" " ind2="0" tag="650">
         <subfield code="a">English language</subfield>
         <subfield code="x">Orthography and spelling</subfield>
         <subfield code="v">Problems, exercises, etc.</subfield>
         <subfield code="0">http://id.loc.gov/authorities/subjects/sh2008119625</subfield>
      </datafield>
      <datafield ind1=" " ind2=" " tag="758">
         <subfield code="0">http://worldcat.org/entity/work/id/836984908</subfield>
      </datafield>
      <datafield ind1="0" ind2=" " tag="787">
         <subfield code="n">OCLC Work Id</subfield>
         <subfield code="o">http://worldcat.org/entity/work/id/836984908</subfield>
      </datafield>
      <datafield ind1=" " ind2=" " tag="949">
         <subfield code="a">LC 4708 R39 2015</subfield>
         <subfield code="c">1</subfield>
         <subfield code="h">UAED-B</subfield>
         <subfield code="i">0162035195906</subfield>
      </datafield>
      <datafield ind1=" " ind2=" " tag="926">
         <subfield code="a">LC 4708 R39 2015</subfield>
         <subfield code="w">LC</subfield>
         <subfield code="c">1</subfield>
         <subfield code="i">0162035195906</subfield>
         <subfield code="l">FLOOR_2</subfield>
         <subfield code="m">UAEDUC</subfield>
         <subfield code="p">$150.00</subfield>
         <subfield code="r">Y</subfield>
         <subfield code="s">Y</subfield>
         <subfield code="t">BOOK</subfield>
         <subfield code="u">12/9/2014</subfield>
      </datafield>
   </record>
</collection>
